%% This BibTeX bibliography file was created using BibDesk.
%% https://bibdesk.sourceforge.io/

%% Created for Thibault Bertrand at 2024-02-01 23:55:18 +0000 


%% Saved with string encoding Unicode (UTF-8) 
@book{Birkhoff27,
  author    = {Birkhoff, George D.},
  title     = {Dynamical Systems},
  series    = {American Mathematical Society Colloquium Publications},
  volume    = {9},
  year      = {1927},
  publisher = {American Mathematical Society},
  address   = {Providence, RI}
}

@article{Almgren62,
  author  = {Almgren, Frederick J.},
  title   = {The homotopy groups of the integral cycle groups},
  journal = {Topology},
  volume  = {1},
  number  = {4},
  pages   = {257--299},
  year    = {1962}
}

@book{Pitts81,
  author    = {Pitts, Jon T.},
  title     = {Existence and Regularity of Minimal Surfaces on Riemannian Manifolds},
  series    = {Mathematical Notes},
  volume    = {27},
  year      = {1981},
  publisher = {Princeton University Press},
  address   = {Princeton, NJ}
}

@article{MarquesNeves17,
  author  = {Marques, Fernando C. and Neves, Andr{\'e}},
  title   = {Existence of infinitely many minimal hypersurfaces in positive Ricci curvature},
  journal = {Inventiones mathematicae},
  volume  = {209},
  number  = {2},
  pages   = {577--616},
  year    = {2017},
  doi     = {10.1007/s00222-017-0716-6}
}

@article{MarquesNeves14,
  author  = {Marques, Fernando C. and Neves, Andr{\'e}},
  title   = {Min-max theory and the Willmore conjecture},
  journal = {Annals of Mathematics (2)},
  volume  = {179},
  number  = {2},
  pages   = {683--782},
  year    = {2014},
  doi     = {10.4007/annals.2014.179.2.6}
}

@article{Guaraco16,
  title     = {The Allen--Cahn equation on closed manifolds},
  author    = {Gaspar, Pedro and Guaraco, Marco A. M.},
  journal   = {Calculus of Variations and Partial Differential Equations},
  volume    = {57},
  number    = {4},
  pages     = {101},
  year      = {2018},
  doi       = {10.1007/s00526-018-1379-x}
}

@article{Guaraco18,
  title     = {Min-max for phase transitions and the existence of embedded minimal hypersurfaces},
  author    = {Guaraco, Marco A. M.},
  journal   = {Journal of Differential Geometry},
  volume    = {108},
  number    = {1},
  pages     = {91--133},
  year      = {2018},
  doi       = {10.4310/jdg/1513998031}
}


@book{Milnor69,
  author    = {Milnor, John},
  title     = {Morse Theory},
  series    = {Annals of Mathematics Studies},
  volume    = {51},
  publisher = {Princeton University Press},
  address   = {Princeton, NJ},
  year      = {1969},
  isbn      = {0-691-08008-6}
  
}

@book{Bhatia97,
  author    = {Bhatia, Rajendra},
  title     = {Matrix Analysis},
  series    = {Graduate Texts in Mathematics},
  volume    = {169},
  publisher = {Springer},
  address   = {New York},
  year      = {1997},
  isbn      = {978-0-387-94846-1}
}

@article{Guth07,
  title     = {Minimax Problems Related to Cup Powers and Steenrod Squares},
  author    = {Guth, Larry},
  journal   = {Geometric and Functional Analysis},
  volume    = {18},
  pages     = {1917-1987},
  year      = {2009},
  doi       = {10.1007/s00039-009-0710-2},
}

@article{Chodosh25,
  title     = {The p-widths of a polygon},
  author    = {Chodosh, Otis and Cholsaipant, Sithipont},
  journal   = {arXiv},
  year      = {2025},
  doi       = {10.48550/arXiv.2505.03047}
}

@book{Hatcher02,
  author    = {Hatcher, Allen},
  title     = {Algebraic Topology},
  series    = {},
  publisher = {Cambridge University Press},
  address   = {Cambridge},
  year      = {2002},
  isbn      = {978-0-521-79540-1}
}

@book{Hirsch76,
  author    = {Hirsch, Morris W.},
  title     = {Differential Topology},
  series    = {Graduate Texts in Mathematics},
  volume    = {33},
  publisher = {Springer},
  address   = {New York},
  year      = {1976},
  isbn      = {978-1-4684-9449-5}
}

@book{Stein03,
  author    = {Stein, Elias M. and Shakarchi, Rami},
  title     = {Complex Analysis},
  series    = {Princeton Lectures in Analysis},
  volume    = {2},
  publisher = {Princeton University Press},
  address   = {Princeton, NJ},
  year      = {2003},
  isbn      = {978-0-691-11385-2}
}

@book{Farb12,
  author    = {Farb, Benson and Margalit, Dan},
  title     = {A Primer on Mapping Class Groups},
  series    = {Princeton Mathematical Series -- No. 49.},
  publisher = {Princeton University Press},
  address   = {Princeton, NJ},
  year      = {2012},
  isbn      = {978-0-691-14794-9}
}

@article{Chodosh23,
  title     = {The p-widths of a surface},
  author    = {Chodosh, Otis and Mantoulidis, Christos},
  journal   = {Publications math\'ematiques de l'IH\'ES},
  volume    = {137},
  pages     = {245--342},
  year      = {2023},
  doi       = {10.1007/s10240-023-00141-7}
}

@article{Marx-Kuo25,
  title     = {The p-widths of $\mathbb{RP}^2$},
  author    = {Marx-Kuo, Jared},
  journal   = {arXiv},
  year      = {2025},
  doi       = {10.48550/arXiv.2501.13311}
}

@article{Liokumovich18,
  title     = {Weyl law for the volume spectrum},
  author    = {Liokumovich, Yevgeny and Marques, Fernando C. and Neves, Andre},
  journal   = {Annals of Mathematics},
  volume    = {187},
  pages     = {933--961},
  year      = {2018},
  doi       = {10.4007/annals.2018.187.3.7}
}

@article{Modica77,
  title     = {Un esempio di $\Gamma$-convergenza},
  author    = {Modica, Luigi and Mortola, Stefano},
  journal   = {Boll. Un. Mat. Ital. B (5)},
  volume  =   {14},
  pages   =   {285--299},
  year    =   {1977},
  language =  {Italian}
}

@misc{FEMnotes,
  author       = {Ham, David A. and Cotter, Colin J.},
  title        = {Finite Elements: Analysis and Implementation},
  howpublished = {Imperial Course Notes},
  year         = {2025},
  url          = {https://finite-element.github.io/Finiteelementcourse.pdf},
  note         = {Accessed 25~July~2025}
}

@book{Ern04,
  author    = {Ern, Alexandre and Guermond, Jean-Luc},
  title     = {Theory and Practice of Finite Elements},
  series    = {Applied Mathematical Sciences},  
  volume    = {159},
  publisher = {Springer},
  address   = {New York},
  year      = {2004},
  isbn      = {978-0-387-20574-8}
}

@misc{wiki:projectivespace,
  author       = {{Wikipedia contributors}},
  title        = {Real projective space},
  howpublished = {Wikipedia, The Free Encyclopedia},
  year         = {2025},
  url          = {https://en.wikipedia.org/wiki/Real_projective_space},
  note         = {Accessed 03~August~2025}
}

@article{AmbrosettiRabinowitz1973,
  author  = {Ambrosetti, A. and Rabinowitz, P.~H.},
  title   = {Dual variational methods in critical point theory and applications},
  journal = {Journal of Functional Analysis},
  volume  = {14},
  pages   = {349--381},
  year    = {1973}
}

@book{EvansPDE,
  author    = {Evans, L.~C.},
  title     = {Partial Differential Equations},
  series    = {Graduate Studies in Mathematics},
  volume    = {19},
  edition   = {2},
  publisher = {American Mathematical Society},
  year      = {2010}
}